<bibRecords>
    <bibRecord>
        <bib>
            <owningInstitutionId>1</owningInstitutionId>
            <createdDate>1997-06-12 00:00:00.0</createdDate>
            <lastUpdatedDate>2014-07-30 13:26:10.0</lastUpdatedDate>
            <content>
                <collection xmlns="http://www.loc.gov/MARC21/slim">
                    <record>
                        <leader>01233cas a2200373I  4500</leader>
                        <controlfield tag="001">1</controlfield>
                        <controlfield tag="005">20130405104912.0</controlfield>
                        <controlfield tag="008">860123c19069999ii wr p      f0   a0eng d</controlfield>
                        <datafield tag="245" ind1="0" ind2="0">
                            <subfield code="a">Indian trade journal.</subfield>
                        </datafield>
                    </record>
                </collection>
            </content>
        </bib>
        <holdings>
            <holding>
                <createdDate>1997-06-12 00:00:00.0</createdDate>
                <lastUpdatedDate>2014-07-30 13:26:10.0</lastUpdatedDate>
                <content>
                	<collection xmlns="http://www.loc.gov/MARC21/slim">
                    <record>
                        <datafield tag="866" ind1="0" ind2="0">
                            <subfield code="a">Textual holdings</subfield>
                        </datafield>
                    </record>
                	</collection>
           		 </content>
                <items>
                    <content>
                		<collection xmlns="http://www.loc.gov/MARC21/slim">
                    		<record>
                        		<datafield tag="876" ind1="0" ind2="0">
                           		    <subfield code="h">Use Restrictions</subfield>
                				    <subfield code="j">Item status</subfield>
                        		</datafield>
                    		</record>
                    		<record>
                        		<datafield tag="876" ind1="0" ind2="0">
                           		    <subfield code="h">Use Restrictions</subfield>
                				<subfield code="j">Item status</subfield>
                        		</datafield>
                    		</record>
                		</collection>
           		 </content>
                </items>
            </holding>
        </holdings>
    </bibRecord>
</bibRecords>
